<record xmlns="http://www.loc.gov/MARC21/slim" xmlns:xsi="http://www.w3.org/2001/XMLSchema-instance" xsi:schemaLocation="http://www.loc.gov/MARC21/slim http://www.loc.gov/standards/marcxml/schema/MARC21slim.xsd"><leader>02398nam a2200433   4500</leader><controlfield tag="001">3530345</controlfield><controlfield tag="003">NIC</controlfield><controlfield tag="006">m        d        </controlfield><controlfield tag="007">cr cn |||m|||a</controlfield><controlfield tag="008">150222s1970    iq      ob    000 0cara  </controlfield><datafield ind1=" " ind2=" " tag="040"><subfield code="a">NNU</subfield><subfield code="b">eng</subfield><subfield code="e">rda</subfield><subfield code="c">NNU</subfield></datafield><datafield ind1=" " ind2=" " tag="043"><subfield code="a">a-iq---</subfield></datafield><datafield ind1="0" ind2="4" tag="050"><subfield code="a">PJ8047.S3</subfield><subfield code="b">S34</subfield></datafield><datafield ind1="1" ind2=" " tag="100"><subfield code="6">880-01</subfield><subfield code="a">Sa&#772;marra&#772;&#700;i&#772;, Yu&#772;nus Ibra&#772;hi&#772;m.</subfield></datafield><datafield ind1="1" ind2="0" tag="245"><subfield code="6">880-02</subfield><subfield code="a">Ta&#772;ri&#772;kh shu&#699;ara&#772;&#700; Sa&#772;marra&#772;&#700; min ta&#700;si&#772;siha&#772; h&#803;atta&#769; al-yawm /</subfield><subfield code="c">bi-qalam Yu&#772;nus al-Shaykh Ibra&#772;hi&#772;m al-Sa&#772;marra&#772;&#700;i&#772; ; qaddama lahu Nu&#699;ma&#772;n Ma&#772;hir al-Kan&#699;a&#772;ni&#772;.</subfield></datafield><datafield ind1=" " ind2=" " tag="260"><subfield code="6">880-03</subfield><subfield code="a">Baghda&#772;d :</subfield><subfield code="b">Mat&#803;ba&#699;at Da&#772;r al-Bas&#803;ri&#772;,</subfield><subfield code="c">1970.</subfield></datafield><datafield ind1=" " ind2=" " tag="300"><subfield code="a">online resource (242 pages)</subfield></datafield><datafield ind1=" " ind2=" " tag="336"><subfield code="a">text</subfield><subfield code="2">rdacontent</subfield></datafield><datafield ind1=" " ind2=" " tag="337"><subfield code="a">computer</subfield><subfield code="2">rdamedia</subfield></datafield><datafield ind1=" " ind2=" " tag="338"><subfield code="a">online resource</subfield><subfield code="2">rdacarrier</subfield></datafield><datafield ind1=" " ind2=" " tag="500"><subfield code="a">Part of the Arabic Collections Online (ACO) project, contributed by Cornell University Libraries.</subfield></datafield><datafield ind1=" " ind2=" " tag="504"><subfield code="a">Includes bibliographical references (pages 236-237).</subfield></datafield><datafield ind1=" " ind2=" " tag="533"><subfield code="a">Electronic reproduction.</subfield><subfield code="b">New York, N.Y. :</subfield><subfield code="c">New York University,</subfield><subfield code="d">2015.</subfield><subfield code="5">NNU</subfield></datafield><datafield ind1=" " ind2="0" tag="650"><subfield code="a">Poets, Arab</subfield><subfield code="z">Iraq.</subfield></datafield><datafield ind1=" " ind2="0" tag="651"><subfield code="a">Sa&#772;marra&#772;&#700; (Iraq)</subfield><subfield code="v">Biography.</subfield></datafield><datafield ind1=" " ind2="7" tag="650"><subfield code="a">Poets, Arab.</subfield><subfield code="2">fast</subfield><subfield code="0">(OCoLC)fst01067812</subfield></datafield><datafield ind1=" " ind2="7" tag="651"><subfield code="a">Iraq.</subfield><subfield code="2">fast</subfield><subfield code="0">(OCoLC)fst01205757</subfield></datafield><datafield ind1=" " ind2="7" tag="651"><subfield code="a">Iraq</subfield><subfield code="z">Sa&#772;marra&#772;&#700;</subfield><subfield code="2">fast</subfield><subfield code="0">(OCoLC)fst01236860</subfield></datafield><datafield ind1=" " ind2="7" tag="655"><subfield code="a">Biography.</subfield><subfield code="2">fast</subfield><subfield code="0">(OCoLC)fst01423686</subfield></datafield><datafield ind1="2" ind2=" " tag="710"><subfield code="a">Cornell University.</subfield><subfield code="b">Libraries.</subfield></datafield><datafield ind1="0" ind2=" " tag="730"><subfield code="a">Arabic Collections Online.</subfield></datafield><datafield ind1="0" ind2="8" tag="776"><subfield code="i">Online version:</subfield><subfield code="a">Sa&#772;marra&#772;&#700;i&#772;, Yu&#772;nus Ibra&#772;hi&#772;m.</subfield><subfield code="t">Ta&#772;ri&#772;kh shu&#699;ara&#772;&#700; Sa&#772;marra&#772;&#700; min ta&#700;si&#772;siha&#772; h&#803;atta&#769; al-yawm.</subfield><subfield code="d">Baghda&#772;d : Mat&#803;ba&#699;at Da&#772;r al-Bas&#803;ri&#772;, 1970</subfield><subfield code="w">(OCoLC)568221904</subfield></datafield><datafield ind1="0" ind2="8" tag="776"><subfield code="i">Print version:</subfield><subfield code="a">Sa&#772;marra&#772;&#700;i&#772;, Yu&#772;nus Ibra&#772;hi&#772;m.</subfield><subfield code="t">Ta&#772;ri&#772;kh shu&#699;ara&#772;&#700; Sa&#772;marra&#772;&#700; min ta&#700;si&#772;siha&#772; h&#803;atta&#769; al-yawm</subfield><subfield code="w">(NIC)3530345</subfield><subfield code="w">(DLC)   73962255 </subfield><subfield code="w">(OCoLC)18081952</subfield></datafield><datafield ind1="4" ind2="0" tag="856"><subfield code="u">http://hdl.handle.net/2333.1/0gb5mnr1</subfield></datafield><datafield ind1="1" ind2=" " tag="880"><subfield code="6">100-01/r</subfield><subfield code="a">&#1587;&#1575;&#1605;&#1585;&#1575;&#1574;&#1610;&#1548; &#1610;&#1608;&#1606;&#1587; &#1575;&#1576;&#1585;&#1575;&#1607;&#1610;&#1605;.</subfield></datafield><datafield ind1="1" ind2="0" tag="880"><subfield code="6">245-02/r</subfield><subfield code="a">&#1578;&#1575;&#1585;&#1610;&#1582; &#1588;&#1593;&#1585;&#1575;&#1569; &#1587;&#1575;&#1605;&#1585;&#1575;&#1569; &#1605;&#1606; &#1578;&#1571;&#1587;&#1610;&#1587;&#1607;&#1575; &#1581;&#1578;&#1609; &#1575;&#1604;&#1610;&#1608;&#1605; /</subfield><subfield code="c">&#1576;&#1602;&#1604;&#1605; &#1610;&#1608;&#1606;&#1587; &#1575;&#1604;&#1588;&#1610;&#1582; &#1575;&#1576;&#1585;&#1575;&#1607;&#1610;&#1605; &#1575;&#1604;&#1587;&#1575;&#1605;&#1585;&#1575;&#1574;&#1610; &#1563; &#1602;&#1583;&#1605; &#1604;&#1607; &#1606;&#1593;&#1605;&#1575;&#1606; &#1605;&#1575;&#1607;&#1585; &#1575;&#1604;&#1603;&#1606;&#1593;&#1575;&#1606;&#1610;.</subfield></datafield><datafield ind1=" " ind2=" " tag="880"><subfield code="6">260-03/r</subfield><subfield code="a">&#1576;&#1594;&#1583;&#1575;&#1583; :</subfield><subfield code="b">&#1605;&#1591;&#1576;&#1593;&#1577; &#1583;&#1575;&#1585; &#1575;&#1604;&#1576;&#1589;&#1585;&#1610;&#1548;</subfield><subfield code="c">1970.</subfield></datafield><datafield ind1=" " ind2=" " tag="959"><subfield code="a">NNU</subfield><subfield code="b">WEB</subfield><subfield code="c">GENI</subfield><subfield code="t">0</subfield><subfield code="m">Electronic access</subfield><subfield code="s">01</subfield></datafield><datafield ind1=" " ind2=" " tag="999"><subfield code="i">NIC_3530345</subfield><subfield code="o">(OCoLC)ocm18081952 </subfield><subfield code="s">cornell_aco000147</subfield></datafield></record>